@INPROCEEDINGS{8651171,
    author={T. {Agemura} and T. {Sekiguchi}},
    booktitle={2018 International Symposium on Semiconductor Manufacturing (ISSM)}, 
    title={Secondary electron spectroscopy for imaging semiconductor materials}, 
    year={2018},
    volume={},
    number={},
    pages={1-3},
}
