@online{torywalker,
    author = {torywalker},
    title = {histogram-equalizer},
    year = {2019},
    url = {https://github.com/torywalker/histogram-equalizer},
    OPTsubtitle = {•},
    OPTtitleaddon = {•},
    OPTlanguage = {•},
    OPTversion = {•},
    OPTnote = {•},
    OPTorganization = {•},
    OPTdate = {•},
    OPTmonth = {•},
    OPTaddendum = {•},
    OPTpubstate = {•},
    OPTurldate = {•},
}

@online{JEOL,
author = {JEOL},
title = {Scanning Electron Microscope},
year = {2019},
url = {https://www.jeol.co.jp/en/science/sem.html},
OPTsubtitle = {•},
OPTtitleaddon = {•},
OPTlanguage = {•},
OPTversion = {•},
OPTnote = {•},
OPTorganization = {•},
OPTdate = {•},
OPTmonth = {•},
OPTaddendum = {•},
OPTpubstate = {•},
OPTurldate = {•},
}
